@Book{xie2015,
  title = {Dynamic Documents with {R} and knitr},
  author = {Yihui Xie},
  publisher = {Chapman and Hall/CRC},
  address = {Boca Raton, Florida},
  year = {2015},
  edition = {2nd},
  note = {ISBN 978-1498716963},
  url = {http://yihui.name/knitr/},
}

@article{maclachlan2017urban,
  title={Urban growth dynamics in Perth, Western Australia: Using applied remote sensing for sustainable future planning},
  author={MacLachlan, Andrew and Biggs, Eloise and Roberts, Gareth and Boruff, Bryan},
  journal={Land},
  volume={6},
  number={1},
  pages={9},
  year={2017},
  publisher={Multidisciplinary Digital Publishing Institute}
}